@article{karmarkar1984,
  author = {Karmarkar, N.},
  title = {A new polynomial-time algorithm for linear programming},
  journal = {Combinatorica},
  volume = {4},
  number = {4},
  pages = {373--395},
  year = {1984}
}

@techreport{newtonipm,
  author = {Renegar, James},
  title = {A polynomial-time algorithm, based on Newton's method, for linear programming},
  institution = {Mathematical Programming},
  year = {1988}
}

@misc{osterovs_directory,
  author = {Nemirovski, Arkadi and others},
  title = {Interior point polynomial-time methods in convex programming},
  howpublished = {\url{https://www2.isye.gatech.edu/~nemirovs/Lect_IPM.pdf}},
  note = {Consultado en junio de 2025}
}

@misc{ositran2023inversion,
  author = {{OSITRAN}},
  title = {Inversiones en infraestructura aeroportuaria a enero 2023},
  howpublished = {\url{https://investinperu.pe}} ,
  note = {Consultado en junio de 2025}
}

@misc{cvxopt_cone,
  author = {{CVXOPT Team}},
  title = {Interior-point methods for large-scale cone programming},
  howpublished = {\url{https://cvxopt.org/userguide/coneprog.html}},
  note = {Consultado en junio de 2025}
}

@misc{cvxpy_advanced,
  author = {{CVXPY Documentation}},
  title = {Advanced Features: solver customization},
  howpublished = {\url{https://www.cvxpy.org/tutorial/advanced/index.html}},
  note = {Consultado en junio de 2025}
}

@article{centreforaviation_peru,
  author = {{CAPA - Centre for Aviation}},
  title = {Peru seeking private sector co‑operation to improve eight regional airports},
  journal = {Centreforaviation.com},
  year = {2022},
  note = {Consultado en junio de 2025}
}
@misc{convex_global_minimum,
  author = {{GeeksforGeeks / Giskard AI}},
  title = {Convexity and Global Minimum Assurance},
  howpublished = {Web article},
  year = {2025},
  note = {Consultado en junio de 2025},
  url = {https://www.geeksforgeeks.org/convexity-optimization/}
}
@misc{cvxpy_solvers,
  author = {{CVXPY Documentation}},
  title = {Solver Features and KKT customization},
  howpublished = {Web documentation},
  year = {2025},
  note = {Consultado en junio de 2025},
  url = {https://www.cvxpy.org/tutorial/solvers/index.html}
}
@misc{cvxopt_coneprog,
  author = {{CVXOPT Team}},
  title = {Cone programming with conelp and coneqp},
  howpublished = {CVXOPT User Guide},
  year = {2025},
  note = {Consultado en junio de 2025},
  url = {https://cvxopt.org/userguide/coneprog.html}
}
@misc{KKT_wiki,
  author = {{Wikipedia}},
  title = {Karush–Kuhn–Tucker conditions},
  howpublished = {Web article},
  year = {2024},
  note = {Consultado en junio de 2025},
  url = {https://en.wikipedia.org/wiki/Karush–Kuhn–Tucker_conditions}
}

@book{BoydVandenberghe2004,
  author    = {Boyd, S. and Vandenberghe, L.},
  title     = {Convex Optimization},
  publisher = {Cambridge University Press},
  year      = {2004}
}

